@article{Drechsel:1998hk,
      author         = "Drechsel, D. and Hanstein, O. and Kamalov, S. S. and
                        Tiator, L.",
      title          = "{A Unitary isobar model for pion photoproduction and
                        electroproduction on the proton up to 1-GeV}",
      journal        = "Nucl. Phys.",
      volume         = "A645",
      year           = "1999",
      pages          = "145-174",
      doi            = "10.1016/S0375-9474(98)00572-7",
      eprint         = "nucl-th/9807001",
      archivePrefix  = "arXiv",
      primaryClass   = "nucl-th",
      reportNumber   = "MKPH-T-98-10",
      SLACcitation   = "%%CITATION = NUCL-TH/9807001;%%"
}

@article{Aste:2005wc,
      author         = "Aste, Andreas and von Arx, Cyrill and Trautmann, Dirk",
      title          = "{Coulomb distortion of relativistic electrons in the
                        nuclear electrostatic field}",
      journal        = "Eur. Phys. J.",
      volume         = "A26",
      year           = "2005",
      pages          = "167-178",
      doi            = "10.1140/epja/i2005-10169-0",
      eprint         = "nucl-th/0502074",
      archivePrefix  = "arXiv",
      primaryClass   = "nucl-th",
      SLACcitation   = "%%CITATION = NUCL-TH/0502074;%%"
}

@Article{Nakamura:2005hk,
     author    = "Nakamura, A. and Saito, T.",
     title     = "{QCD color interactions between two quarks}",
     journal   = "Phys. Lett.",
     volume    = "B621",
     year      = "2005",
     pages     = "171-175",
     eprint    = "hep-lat/0512043",
     archivePrefix = "arXiv",
     doi       = "10.1016/j.physletb.2005.06.053",
     SLACcitation  = "%%CITATION = HEP-LAT/0512043;%%"
}

@article{Boer:2011fh,
      author         = "Boer, Daniel and Diehl, Markus and Milner, Richard and
                        Venugopalan, Raju and Vogelsang, Werner and others",
      title          = "{Gluons and the quark sea at high energies:
                        Distributions, polarization, tomography}",
      year           = "2011",
      eprint         = "1108.1713",
      archivePrefix  = "arXiv",
      primaryClass   = "nucl-th",
}

@Article{Clasie:2007gqa,
     author    = "Clasie, B. and others",
     title     = "{Measurement of Nuclear Transparency for the A(e,e' $\pi^+$)
                  Reaction}",
     journal   = "Phys. Rev. Lett.",
     volume    = "99",
     year      = "2007",
     pages     = "242502",
     doi       = "10.1103/PhysRevLett.99.242502"
}

@article{Akushevich:2001yp,
      author         = "Akushevich, I. and Ilyichev, A. and Shumeiko, N.",
      title          = "{Radiative effects in scattering of polarized leptons by
                        polarized nucleons and light nuclei}",
      year           = "2001",
      eprint         = "hep-ph/0106180",
      archivePrefix  = "arXiv",
      primaryClass   = "hep-ph",
}

@article{Akushevich:1998ft,
      author         = "Akushevich, I. and Bottcher, H. and Ryckbosch, D.",
      title          = "{RADGEN 1.0: Monte Carlo generator for radiative events
                        in DIS on polarized and unpolarized targets}",
      year           = "1998",
      eprint         = "hep-ph/9906408",
      archivePrefix  = "arXiv",
      primaryClass   = "hep-ph",
}

@article{Akushevich:2007jc,
      author         = "Akushevich, I. and Ilyichev, A. and Osipenko, M.",
      title          = "{Complete lowest order radiative corrections to five-fold
                        differential cross-section of hadron leptoproduction}",
      journal        = "Phys.Lett.",
      volume         = "B672",
      pages          = "35-44",
      doi            = "10.1016/j.physletb.2008.12.058",
      year           = "2009",
      eprint         = "0711.4789",
      archivePrefix  = "arXiv",
      primaryClass   = "hep-ph",
}

@Article{Andreopoulos:2009rq,
   author = "Andreopoulos, C. and others",
   title = "{The GENIE Neutrino Monte Carlo Generator}",
   journal = "Nucl. Instrum. Meth.",
   volume = "A614",
   year = "2010",
   pages = "87-104",
   eprint = "0905.2517",
   archivePrefix = "arXiv",
   primaryClass = "hep-ph",
   doi = "10.1016/j.nima.2009.12.009",
   SLACcitation = "%%CITATION = 0905.2517;%%"
}

@article{Roberts:1997vs,
      author         = "Roberts, Craig D.",
      title          = "{Nonperturbative effects in QCD at finite temperature and
                        density}",
      journal        = "Phys.Part.Nucl.",
      volume         = "30",
      pages          = "223-257",
      doi            = "10.1134/1.953105, 10.1134/1.953105",
      year           = "1999",
      eprint         = "nucl-th/9806088",
      archivePrefix  = "arXiv",
      primaryClass   = "nucl-th",
}

@article{Accardi:2009md,
      author         = "Accardi, A. and Hobbs, T. and Melnitchouk, W.",
      title          = "{Hadron mass corrections in semi-inclusive deep inelastic
                        scattering}",
      journal        = "JHEP",
      volume         = "0911",
      pages          = "084",
      doi            = "10.1088/1126-6708/2009/11/084",
      year           = "2009",
      eprint         = "0907.2395",
      archivePrefix  = "arXiv",
      primaryClass   = "hep-ph",
}

@article{Aznauryan:2011ub,
      author         = "Aznauryan, I. and Burkert, V.D. and Lee, T.-S.H. and
                        Mokeev, V.",
      title          = "{Results from the N* program at JLab}",
      year           = "2011",
      eprint         = "1102.0597",
      archivePrefix  = "arXiv",
      primaryClass   = "nucl-ex",
}

@article{Accardi:lumeic,
      author         = "Accardi, A.",
      title          = "{EIC Luminosity}",
      journal        = "https://eic.jlab.org/wiki/index.php /EIC$\_$luminosity",
      year           = "2010",
}

@article{Thomas:2009aa,
      author         = "Thomas, A. W.",
      title          = "{An Electron-Ion Collider at Jefferson lab}",
      volume         = "arXiv:0907.4785",
      year           = "2009",
}

@article{Otboev:2004vv,
      author         = "Otboev, A.V. and Shatunov, Y.M. and Ahrens, L. and Bai,
                        M. and Beebe-Wang, J. and others",
      title          = "{eRHIC, Future Electron-ion Collider at BNL}",
      journal        = "AIP Conf.Proc.",
      volume         = "842",
      pages          = "1046-1048",
      doi            = "10.1063/1.2220449",
      year           = "2006",
}

@article{Aidala:2007aa,
      author         = "Aidala, C. and others",
      title          = "{A High Luminosity, High Energy Electron-Ion-Collider}",
      collaboration  = "The EIC Working Group",
      journal        = "White Paper Prepared for the NSAC LRP 2007",
      year           = "2007",
}

@article{ElFassi:2011,
      author         = "El~Fassi, L. and others",
      title          = "{Evidence for the Onset of Color Transparency in $\rho^0$ Electroproduction off Nuclei}",
      collaboration  = "CLAS Collaboration",
      journal        = "To be published",
      year           = "2012",
}

@article{ElFassi:2008,
      author         = "El~Fassi, L. and others",
      title          = "{Search for the Onset of Color Transparency via 
                         $\rho^0$ Electroproduction off Nuclei}",
      collaboration  = "CLAS Collaboration",
      journal        = "Internal Analysis Note",
      year           = "2008",
}

@article{Mecking:2003zu,
      author         = "Mecking, B.A. and others",
      title          = "{The CEBAF Large Acceptance Spectrometer (CLAS)}",
      collaboration  = "CLAS Collaboration",
      journal        = "Nucl.Instrum.Meth.",
      volume         = "A503",
      pages          = "513-553",
      doi            = "10.1016/S0168-9002(03)01001-5",
      year           = "2003",
}

@article{Mestayer:2000we,
      author         = "Mestayer, M.D. and Carman, D.S. and Asavapibhop, B. and
                        Barbosa, F.J. and Bonneau, P. and others",
      title          = "{The CLAS drift chamber system}",
      journal        = "Nucl.Instrum.Meth.",
      volume         = "A449",
      pages          = "81-111",
      doi            = "10.1016/S0168-9002(00)00151-0",
      year           = "2000",
}

@article{Adams:2001kk,
      author         = "Adams, G. and Burkert, V. and Carl, R. and Carstens, T.
                        and Frolov, V. and others",
      title          = "{The CLAS Cherenkov detector}",
      journal        = "Nucl.Instrum.Meth.",
      volume         = "A465",
      pages          = "414-427",
      doi            = "10.1016/S0168-9002(00)01313-9",
      year           = "2001",
}

@article{Smith:1999ii,
      author         = "Smith, E.S. and Carstens, T. and Distelbrink, J. and
                        Eckhause, M. and Egiian, H. and others",
      title          = "{The time-of-flight system for CLAS}",
      journal        = "Nucl.Instrum.Meth.",
      volume         = "A432",
      pages          = "265-298",
      doi            = "10.1016/S0168-9002(99)00484-2",
      year           = "1999",
}

@article{Hafidi:2006aa,
      author         = "Hafidi, K. and others",
      title          = "{Quark Propagation and Hadron Formation}",
      journal        = "A proposal to PAC 30",
      year           = "2006",
}

@article{Brooks:2002aa,
      author         = "Brooks, W. and others",
      title          = "{Quark Propagation Through Cold QCD Matter}",
      journal        = "A proposal to PAC 22",
      year           = "2002",
}

@article{Hafidi:2002aa,
      author         = "Hafidi, K. and others",
      title          = "{$Q^2$ Dependence of Nuclear Transparency for Incoherent $\rho^0$ Electroproduction}",
      journal        = "A proposal to PAC 22",
      year           = "2002",
}
@article{Hafidi:2006ab,
      author         = "Hafidi, K. and others",
      title          = "{Study of Color Transparency in Exclusive Vector Meson Electroproduction off Nuclei}",
      journal        = "A proposal to PAC 30",
      year           = "2006",
}


@article{Brooks:2010aa,
      author         = "Brooks, W. K. and others",
      title          = "{Quark Propagation and Hadron Formation}",
      journal        = "10 pages update to PAC 36",
      year           = "2010",
}

@article{Hakobyan:2008zz,
      author         = "Hakobyan, H. and Brooks, W.K. and Bruhwel, K. and
                        Burkert, V.D. and Carstens, T. and others",
      title          = "{A double-target system for precision measurements of
                        nuclear medium effects}",
      journal        = "Nucl.Instrum.Meth.",
      volume         = "A592",
      pages          = "218-223",
      doi            = "10.1016/j.nima.2008.04.055",
      year           = "2008",
}

@article{Brooks:2009xg,
      author         = "Brooks, W.K. and Hakobyan, H.",
      title          = "{Experimental Studies of Hadronization and Parton
                        Propagation in the Space-Time Domain}",
      journal        = "Nucl.Phys.",
      volume         = "A830",
      pages          = "361C-368C",
      doi            = "10.1016/j.nuclphysa.2009.10.031",
      year           = "2009",
      eprint         = "0907.4606",
      archivePrefix  = "arXiv",
      primaryClass   = "hep-ex",
}

@article{Hicks:2009wf,
      author         = "Hicks, K. and Daniel, A.",
      title          = "{K(s)0 Hadronization Following DIS at CLAS}",
      collaboration  = "CLAS Collaboration",
      year           = "2009",
      eprint         = "0907.5362",
      archivePrefix  = "arXiv",
      primaryClass   = "nucl-ex",
}

@article{PAC30,
      author         = "Schoch, B. and others",
      title          = "{PAC 30 Recommendations}",
      year           = "2006",
}

@article{Strikman:2007nv,
      author         = "Strikman, Mark",
      title          = "{Color transparency: 33 years and still running}",
      year           = "2007",
      eprint         = "0711.1625",
      archivePrefix  = "arXiv",
      primaryClass   = "hep-ph",
}

@article{Brodsky:1988xz,
      author         = "Brodsky, Stanley J. and Mueller, Alfred H.",
      title          = "{Using Nuclei to Probe Hadronization in QCD}",
      journal        = "Phys.Lett.",
      volume         = "B206",
      pages          = "685",
      doi            = "10.1016/0370-2693(88)90719-8",
      year           = "1988",
}

@article{Bleve:2000hc,
      author         = "Bleve, C. and Co, G. and De Mitri, I. and Bernardini, P.
                        and Mancarella, G. and others",
      title          = "{Effects of nuclear reinteractions in quasielastic
                        neutrino nucleus scattering}",
      journal        = "Astropart.Phys.",
      volume         = "16",
      pages          = "145-155",
      doi            = "10.1016/S0927-6505(01)00106-2",
      year           = "2001",
      eprint         = "nucl-th/0012015",
      archivePrefix  = "arXiv",
      primaryClass   = "nucl-th",
}

@article{Amarian:2001zs,
      author         = "Amarian, M. and Asrian, G. and Beard, K. and Brooks, W.
                        and Burkert, V. and others",
      title          = "{The CLAS forward electromagnetic calorimeter}",
      journal        = "Nucl.Instrum.Meth.",
      volume         = "A460",
      pages          = "239-265",
      doi            = "10.1016/S0168-9002(00)00996-7",
      year           = "2001",
}

@article{deFlorian:2007hc,
      author         = "de Florian, Daniel and Sassot, Rodolfo and Stratmann,
                        Marco",
      title          = "{Global analysis of fragmentation functions for protons
                        and charged hadrons}",
      journal        = "Phys.Rev.",
      volume         = "D76",
      pages          = "074033",
      doi            = "10.1103/PhysRevD.76.074033",
      year           = "2007",
      eprint         = "0707.1506",
      archivePrefix  = "arXiv",
      primaryClass   = "hep-ph",
}

@article{deFlorian:2007aj,
      author         = "de Florian, Daniel and Sassot, Rodolfo and Stratmann,
                        Marco",
      title          = "{Global analysis of fragmentation functions for pions and
                        kaons and their uncertainties}",
      journal        = "Phys.Rev.",
      volume         = "D75",
      pages          = "114010",
      doi            = "10.1103/PhysRevD.75.114010",
      year           = "2007",
      eprint         = "hep-ph/0703242",
      archivePrefix  = "arXiv",
      primaryClass   = "HEP-PH",
}

@article{Cahn:1978se,
      author         = "Cahn, Robert N.",
      title          = "{Azimuthal Dependence in Leptoproduction: A Simple Parton
                        Model Calculation}",
      journal        = "Phys.Lett.",
      volume         = "B78",
      pages          = "269",
      doi            = "10.1016/0370-2693(78)90020-5",
      year           = "1978",
}

@article{Konig:1982uk,
      author         = "Konig, A. and Kroll, P.",
      title          = "{A realistic calculation of the azimuthal asymmetry in
                        semiinclusive deep inelastic scattering}",
      journal        = "Z.Phys.",
      volume         = "C16",
      pages          = "89",
      doi            = "10.1007/BF01573752",
      year           = "1982",
}

@misc{Accardi:WN,
      author         = "A. Accardi",
      title          = "{Quenching weights in DIS}", 
      howpublished   = "Working note, not published",
      year           = "2007",
}

@misc{Osipenko:PC,
      author         = "Osipenko, M.",
      howpublished   = "Private communication",
      year           = "2015"
}

@misc{Accardi:PC,
      author         = "A. Accardi",
      howpublished   = "Private communication",
      year           = "2009"
}

@misc{Gallmeister:INT,
      author         = "K.~Gallmeister",
      title          = "{eA collisions within GiBUU}", 
      howpublished   = "Talk at INT-10-3 workshop",
      year           = "2010",
}

@misc{Garfield,
      author         = "Garfield",
      title          = "http://garfield.web.cern.ch/garfield/", 
      year           = "1984-2010",
}

@misc{Manly:talk,
      author         = "S.~Manly",
      title          = "{Recent electron scattering results from 
                         Jefferson Laboratory}", 
      howpublished   = "NUFACT 2006 presentation",
      year           = "2006",
}

@article{Lafferty:1995jt,
      author         = "Lafferty, G.D. and Reeves, P.I. and Whalley, M.R.",
      title          = "{A Compilation of inclusive particle production data in
                        e+ e- annihilation}",
      journal        = "J.Phys.G",
      volume         = "G21",
      pages          = "A1-A151",
      doi            = "10.1088/0954-3899/21/12A/001",
      year           = "1995",
}

@article{Ito:2009zc,
      author         = "Ito, T. and Bentz, W. and Cloet, I.C. and Thomas, A.W.
                        and Yazaki, K.",
      title          = "{The NJL-jet model for quark fragmentation functions}",
      journal        = "Phys.Rev.",
      volume         = "D80",
      pages          = "074008",
      doi            = "10.1103/PhysRevD.80.074008",
      year           = "2009",
      eprint         = "0906.5362",
      archivePrefix  = "arXiv",
      primaryClass   = "nucl-th",
}


@Article{Hirai:2007cx,
     author    = "Hirai, M. and Kumano, S. and Nagai, T. -H. and Sudoh, K.",
     title     = "{Determination of fragmentation functions and their
                  uncertainties}",
     journal   = "Phys. Rev.",
     volume    = "D75",
     year      = "2007",
     pages     = "094009",
     eprint    = "hep-ph/0702250",
     archivePrefix = "arXiv",
     doi       = "10.1103/PhysRevD.75.094009",
     SLACcitation  = "%%CITATION = HEP-PH/0702250;%%"
}


@Article{Albino:2008fy,
     author    = "Albino, S. and Kniehl, B. A. and Kramer, G.",
     title     = "{AKK Update: Improvements from New Theoretical Input and
                  Experimental Data}",
     journal   = "Nucl. Phys.",
     volume    = "B803",
     year      = "2008",
     pages     = "42-104",
     eprint    = "0803.2768",
     archivePrefix = "arXiv",
     primaryClass  =  "hep-ph",
     doi       = "10.1016/j.nuclphysb.2008.05.017",
     SLACcitation  = "%%CITATION = 0803.2768;%%"
}

@article{Dokshitzer:1977sg,
      author         = "Dokshitzer, Yuri L.",
      title          = "{Calculation of the Structure Functions for Deep
                        Inelastic Scattering and e+ e- Annihilation by
                        Perturbation Theory in Quantum Chromodynamics.}",
      journal        = "Sov.Phys.JETP",
      volume         = "46",
      pages          = "641-653",
      year           = "1977",
}

@article{Dokshitzer:1991wu,
      author         = "Dokshitzer, Yuri L. and Khoze, Valery A. and Mueller,
                        Alfred H. and Troian, S.I.",
      title          = "{Basics of perturbative QCD}",
      year           = "1991",
}

@article{Altarelli:1977zs,
      author         = "Altarelli, Guido and Parisi, G.",
      title          = "{Asymptotic Freedom in Parton Language}",
      journal        = "Nucl.Phys.",
      volume         = "B126",
      pages          = "298",
      doi            = "10.1016/0550-3213(77)90384-4",
      year           = "1977",
}

@article{Gribov:1972ri,
      author         = "Gribov, V.N. and Lipatov, L.N.",
      title          = "{Deep inelastic e-p scattering in perturbation theory}",
      journal        = "Sov.J.Nucl.Phys.",
      volume         = "15",
      pages          = "438-450",
      year           = "1972",
}

@article{Geesaman:1995yd,
      author         = "Geesaman, Donald F. and Saito, K. and Thomas, Anthony
                        William",
      title          = "{The nuclear EMC effect}",
      journal        = "Ann.Rev.Nucl.Part.Sci.",
      volume         = "45",
      pages          = "337-390",
      doi            = "10.1146/annurev.ns.45.120195.002005",
      year           = "1995",
}

@article{Brock:1993sz,
      author         = "Brock, Raymond and others",
      title          = "{Handbook of perturbative QCD: Version 1.0}",
      collaboration  = "CTEQ Collaboration",
      journal        = "Rev.Mod.Phys.",
      volume         = "67",
      pages          = "157-248",
      doi            = "10.1103/RevModPhys.67.157",
      year           = "1995",
}


@Article{Accardi:2009qv,
     author    = "Accardi, Alberto and Arleo, Francois and Brooks, William K.
                  and D'Enterria, David and Muccifora, Valeria",
     title     = "{Parton Propagation and Fragmentation in QCD Matter}",
     journal   = "Riv. Nuovo Cim.",
     volume    = "32",
     year      = "2010",
     pages     = "439-553",
     eprint    = "0907.3534",
     archivePrefix = "arXiv",
     primaryClass  =  "nucl-th",
     doi       = "10.1393/ncr/i2009-10048-0",
     SLACcitation  = "%%CITATION = 0907.3534;%%"
}


@Article{Gallmeister:2005ad,
     author    = "Gallmeister, K. and Falter, T.",
     title     = "{Space-time picture of fragmentation in PYTHIA / JETSET for
                  HERMES and  RHIC}",
     journal   = "Phys. Lett.",
     volume    = "B630",
     year      = "2005",
     pages     = "40-48",
     eprint    = "nucl-th/0502015",
     archivePrefix = "arXiv",
     doi       = "10.1016/j.physletb.2005.08.135",
     SLACcitation  = "%%CITATION = NUCL-TH/0502015;%%"
}


@Article{Gyulassy:2003mc,
     author    = "Gyulassy, Miklos and Vitev, Ivan and Wang, Xin-Nian and
                  Zhang, Ben-Wei",
     title     = "{Jet quenching and radiative energy loss in dense nuclear
                  matter}",
     year      = "2003",
     eprint    = "nucl-th/0302077",
     archivePrefix = "arXiv",
     SLACcitation  = "%%CITATION = NUCL-TH/0302077;%%"
}


@Article{Accardi:2004gp,
     author    = "Accardi, Alberto and others",
     title     = "{Hard probes in heavy ion collisions at the LHC: Jet
                  physics}",
     year      = "2004",
     eprint    = "hep-ph/0310274",
     archivePrefix = "arXiv",
     SLACcitation  = "%%CITATION = HEP-PH/0310274;%%"
}


@Article{Majumder:2010qh,
     author    = "Majumder, A. and Van Leeuwen, M.",
     title     = "{The theory and phenomenology of perturbative QCD based jet
                  quenching}",
     year      = "2010",
     eprint    = "1002.2206",
     archivePrefix = "arXiv",
     primaryClass  =  "hep-ph",
     SLACcitation  = "%%CITATION = 1002.2206;%%"
}


@Article{Kopeliovich:2010uz,
     author    = "Kopeliovich, B. Z. and Nemchik, J.",
     title     = "{High-pT paradigms revisited}",
     journal   = "PoS",
     volume    = "CERP2010",
     year      = "2010",
     pages     = "025",
     eprint    = "1009.1162",
     archivePrefix = "arXiv",
     primaryClass  =  "hep-ph",
     SLACcitation  = "%%CITATION = 1009.1162;%%"
}

@Article{:2008afa,
     author    = "Albino, S. and others",
     title     = "{Parton fragmentation in the vacuum and in the medium}",
     year      = "2008",
     eprint    = "0804.2021",
     archivePrefix = "arXiv",
     primaryClass  =  "hep-ph",
     SLACcitation  = "%%CITATION = 0804.2021;%%"
}


@article{Adil:2006ra,
      author         = "Adil, Azfar and Vitev, Ivan",
      title          = "{Collisional dissociation of heavy mesons in dense QCD
                        matter}",
      journal        = "Phys.Lett.",
      volume         = "B649",
      pages          = "139-146",
      doi            = "10.1016/j.physletb.2007.03.050",
      year           = "2007",
      eprint         = "hep-ph/0611109",
      archivePrefix  = "arXiv",
      primaryClass   = "hep-ph",
}

@article{Nakamura:2010zzi,
      author         = "Nakamura, K. and others",
      title          = "{Review of particle physics}",
      collaboration  = "Particle Data Group",
      journal        = "J.Phys.G",
      volume         = "G37",
      pages          = "075021",
      doi            = "10.1088/0954-3899/37/7A/075021",
      year           = "2010",
}

@article{Teis:1996kx,
      author         = "Teis, S. and Cassing, W. and Effenberger, M. and Hombach,
                        A. and Mosel, U. and others",
      title          = "{Pion production in heavy ion collisions at SIS
                        energies}",
      journal        = "Z.Phys.",
      volume         = "A356",
      pages          = "421-435",
      doi            = "10.1007/s002180050198",
      year           = "1997",
      eprint         = "nucl-th/9609009",
      archivePrefix  = "arXiv",
      primaryClass   = "nucl-th",
}

@article{Liebing:2004us,
      author         = "Liebing, P.",
      title          = "{Can the gluon polarization in the nucleon be extracted
                        from HERMES data on single high-p(T) hadrons?}",
      year           = "2004",
}


@article{Andersson:1983ia,
      author         = "Andersson, Bo and Gustafson, G. and Ingelman, G. and
                        Sjostrand, T.",
      title          = "{Parton Fragmentation and String Dynamics}",
      journal        = "Phys.Rept.",
      volume         = "97",
      pages          = "31-145",
      doi            = "10.1016/0370-1573(83)90080-7",
      year           = "1983",
}

Physics and Manual > BibTeX

@article{Sjostrand:2006za,
      author         = "Sjostrand, Torbjorn and Mrenna, Stephen and Skands, Peter
                        Z.",
      title          = "{PYTHIA 6.4 Physics and Manual}",
      journal        = "JHEP",
      volume         = "0605",
      pages          = "026",
      doi            = "10.1088/1126-6708/2006/05/026",
      year           = "2006",
      eprint         = "hep-ph/0603175",
      archivePrefix  = "arXiv",
      primaryClass   = "hep-ph",
}



@article{Sjostrand:1984ic,
      author         = "Sjostrand, Torbjorn",
      title          = "{Jet fragmentation of multiparton configurations 
                         a string framework}",
      journal        = "Nucl.Phys.",
      volume         = "B248",
      pages          = "469",
      doi            = "10.1016/0550-3213(84)90607-2",
      year           = "1984",
}


@Article{collaboration:2011vk,
     author    = "collaboration, Duncan Prindle for the STAR",
     title     = "{Heavy Flavor and Jets at RHIC}",
     year      = "2011",
     eprint    = "1103.6053",
     archivePrefix = "arXiv",
     primaryClass  =  "nucl-ex",
     SLACcitation  = "%%CITATION = 1103.6053;%%"
}


@Article{Yang:2009zx,
     author    = "Yang, T. and Andreopoulos, C. and Gallagher, H. and
                  Hoffmann, K. and Kehayias, P.",
     title     = "{A Hadronization Model for Few-GeV Neutrino Interactions}",
     journal   = "Eur. Phys. J.",
     volume    = "C63",
     year      = "2009",
     pages     = "1-10",
     eprint    = "0904.4043",
     archivePrefix = "arXiv",
     primaryClass  =  "hep-ph",
     doi       = "10.1140/epjc/s10052-009-1094-z",
     SLACcitation  = "%%CITATION = 0904.4043;%%"
}


@Article{Grigoryan:2010mn,
     author    = "Grigoryan, L.",
     title     = "{Average formation length in string model}",
     journal   = "Phys. Rev.",
     volume    = "C81",
     year      = "2010",
     pages     = "045207",
     eprint    = "1002.1026",
     archivePrefix = "arXiv",
     primaryClass  =  "hep-ph",
     doi       = "10.1103/PhysRevC.81.045207",
     SLACcitation  = "%%CITATION = 1002.1026;%%"
}


@article{Kopeliovich:2003py,
      author         = "Kopeliovich, B.Z. and Nemchik, J. and Predazzi, E. and
                        Hayashigaki, A.",
      title          = "{Nuclear hadronization: Within or without?}",
      journal        = "Nucl.Phys.",
      volume         = "A740",
      pages          = "211-245",
      doi            = "10.1016/j.nuclphysa.2004.04.110",
      year           = "2004",
      eprint         = "hep-ph/0311220",
      archivePrefix  = "arXiv",
      primaryClass   = "hep-ph",
}

@article{Kopeliovich:2006xy,
      author         = "Kopeliovich, B.Z. and Nemchik, J. and Schmidt, Ivan",
      title          = "{Time Evolution of Jets and Perturbative Color
                        Neutralization}",
      journal        = "Nucl.Phys.",
      volume         = "A782",
      pages          = "224-233",
      doi            = "10.1016/j.nuclphysa.2006.10.059",
      year           = "2007",
      eprint         = "hep-ph/0608044",
      archivePrefix  = "arXiv",
      primaryClass   = "hep-ph",
}


@Article{Kopeliovich:2008uy,
     author    = "Kopeliovich, B. Z. and others",
     title     = "{Quantum-mechanical description of in-medium
                  fragmentation}",
     journal   = "Phys. Rev.",
     volume    = "C78",
     year      = "2008",
     pages     = "055204",
     eprint    = "0809.4613",
     archivePrefix = "arXiv",
     primaryClass  =  "hep-ph",
     doi       = "10.1103/PhysRevC.78.055204",
     SLACcitation  = "%%CITATION = 0809.4613;%%"
}


@article{Accardi:2004ut,
      author         = "Accardi, Alberto and Gyulassy, Miklos",
      title          = "{Cronin effect and geometrical shadowing in d + Au
                        collisions: pQCD versus CGC}",
      journal        = "J.Phys.G",
      volume         = "G30",
      pages          = "S969-S974",
      doi            = "10.1088/0954-3899/30/8/040",
      year           = "2004",
      eprint         = "nucl-th/0402101",
      archivePrefix  = "arXiv",
      primaryClass   = "nucl-th",
}


@Article{Accardi:2008fz,
     author    = "Accardi, Alberto",
     title     = "{An estimate of the prehadron production time}",
     year      = "2008",
     eprint    = "0808.0656",
     archivePrefix = "arXiv",
     primaryClass  =  "nucl-th",
     SLACcitation  = "%%CITATION = 0808.0656;%%"
}

@article{Arleo:2003yf,
      author         = "Arleo, Francois",
      title          = "{Parton energy loss or nuclear absorption: What quenches
                        hadron spectra at HERA?}",
      pages          = "558-563",
      year           = "2003",
      eprint         = "hep-ph/0309108",
      archivePrefix  = "arXiv",
      primaryClass   = "hep-ph",
      reportNumber   = "ECT*-03-26",
      SLACcitation   = "%%CITATION = HEP-PH/0309108;%%",
}


@Article{Arleo:2003jz,
     author    = "Arleo, Francois",
     title     = "{Quenching of hadron spectra in DIS on nuclear targets}",
     journal   = "Eur. Phys. J.",
     volume    = "C30",
     year      = "2003",
     pages     = "213-221",
     eprint    = "hep-ph/0306235",
     archivePrefix = "arXiv",
     doi       = "10.1140/epjc/s2003-01289-x",
     SLACcitation  = "%%CITATION = HEP-PH/0306235;%%"
}


@Article{Arleo:2002kh,
     author    = "Arleo, Francois",
     title     = "{Tomography of cold and hot QCD matter: Tools and
                  diagnosis. ((V))}",
     journal   = "JHEP",
     volume    = "11",
     year      = "2002",
     pages     = "044",
     eprint    = "hep-ph/0210104",
     archivePrefix = "arXiv",
     SLACcitation  = "%%CITATION = HEP-PH/0210104;%%"
}


@Article{Baier:1996sk,
     author    = "Baier, R. and Dokshitzer, Yuri L. and Mueller, Alfred H.
                  and Peigne, S. and Schiff, D.",
     title     = "{Radiative energy loss and p(T)-broadening of high energy
                  partons in nuclei}",
     journal   = "Nucl. Phys.",
     volume    = "B484",
     year      = "1997",
     pages     = "265-282",
     eprint    = "hep-ph/9608322",
     archivePrefix = "arXiv",
     doi       = "10.1016/S0550-3213(96)00581-0",
     SLACcitation  = "%%CITATION = HEP-PH/9608322;%%"
}

@article{Baier:1998kq,
      author         = "Baier, R. and Dokshitzer, Yuri L. and Mueller, Alfred H.
                        and Schiff, D.",
      title          = "{Medium induced radiative energy loss: Equivalence
                        between the BDMPS and Zakharov formalisms}",
      journal        = "Nucl.Phys.",
      volume         = "B531",
      pages          = "403-425",
      doi            = "10.1016/S0550-3213(98)00546-X",
      year           = "1998",
      eprint         = "hep-ph/9804212",
      archivePrefix  = "arXiv",
      primaryClass   = "hep-ph",
}

@article{Baier:2001yt,
      author         = "Baier, R. and Dokshitzer, Yuri L. and Mueller, Alfred H.
                        and Schiff, D.",
      title          = "{Quenching of hadron spectra in media}",
      journal        = "JHEP",
      volume         = "0109",
      pages          = "033",
      year           = "2001",
      eprint         = "hep-ph/0106347",
      archivePrefix  = "arXiv",
      primaryClass   = "hep-ph",
}


@article{DelDuca:1992ru,
      author         = "Del Duca, V. and Brodsky, Stanley J. and Hoyer, Paul",
      title          = "{The Space-time structure of deep inelastic lepton -
                        hadron scattering}",
      journal        = "Phys.Rev.",
      volume         = "D46",
      pages          = "931-943",
      doi            = "10.1103/PhysRevD.46.931",
      year           = "1992",
}


@article{Brodsky:1992nq,
      author         = "Brodsky, Stanley J. and Hoyer, Paul",
      title          = "{A Bound on the energy loss of partons in nuclei}",
      journal        = "Phys.Lett.",
      volume         = "B298",
      pages          = "165-170",
      doi            = "10.1016/0370-2693(93)91724-2",
      year           = "1993",
      eprint         = "hep-ph/9210262",
      archivePrefix  = "arXiv",
      primaryClass   = "hep-ph",
}


@article{Horowitz:2007su,
      author         = "Horowitz, W.A. and Gyulassy, M.",
      title          = "{Heavy quark jet tomography of Pb + Pb at LHC: AdS/CFT
                        drag or pQCD energy loss?}",
      journal        = "Phys.Lett.",
      volume         = "B666",
      pages          = "320-323",
      doi            = "10.1016/j.physletb.2008.04.065",
      year           = "2008",
      eprint         = "0706.2336",
      archivePrefix  = "arXiv",
      primaryClass   = "nucl-th",
}


@article{Horowitz:2008ig,
      author         = "Horowitz, W.A. and Gyulassy, M.",
      title          = "{Testing AdS/CFT Drag and pQCD Heavy Quark Energy Loss}",
      journal        = "J.Phys.G",
      volume         = "G35",
      pages          = "104152",
      doi            = "10.1088/0954-3899/35/10/104152",
      year           = "2008",
      eprint         = "0804.4330",
      archivePrefix  = "arXiv",
      primaryClass   = "hep-ph",
}


@article{Horowitz:2010yi,
      author         = "Horowitz, W.A.",
      title          = "{Qualitative and Quantitative Energy Loss?}",
      journal        = "Nucl.Phys.",
      volume         = "A855",
      pages          = "225-228",
      doi            = "10.1016/j.nuclphysa.2011.02.045",
      year           = "2011",
      eprint         = "1011.5965",
      archivePrefix  = "arXiv",
      primaryClass   = "hep-ph",
}

@article{Kopeliovich:1990sh,
      author         = "Kopeliovich, B.Z.",
      title          = "{ARE HIGH-ENERGY QUARKS ABSORBED IN NUCLEAR MATTER?}",
      journal        = "Phys.Lett.",
      volume         = "B243",
      pages          = "141-143",
      doi            = "10.1016/0370-2693(90)90970-H",
      year           = "1990",
}


@article{Domdey:2008aq,
      author         = "Domdey, S. and Grunewald, D. and Kopeliovich, B.Z. and
                        Pirner, H.J.",
      title          = "{Transverse Momentum Broadening in Semi-inclusive DIS on
                        Nuclei}",
      journal        = "Nucl.Phys.",
      volume         = "A825",
      pages          = "200-211",
      doi            = "10.1016/j.nuclphysa.2009.04.009",
      year           = "2009",
      eprint         = "0812.2838",
      archivePrefix  = "arXiv",
      primaryClass   = "hep-ph",
}


@article{Kopeliovich:2010aia,
      author         = "Kopeliovich, B.Z. and Potashnikova, I.K. and Schmidt,
                        Ivan",
      title          = "{Why heavy and light quarks radiate energy with similar
                        rates}",
      journal        = "Phys.Rev.",
      volume         = "C82",
      pages          = "037901",
      doi            = "10.1103/PhysRevC.82.037901",
      year           = "2010",
      eprint         = "1004.3920",
      archivePrefix  = "arXiv",
      primaryClass   = "hep-ph",
}


@article{Kopeliovich:2010jf,
      author         = "Kopeliovich, B.Z.",
      title          = "{Puzzles of $J/\Psi$ production off nuclei}",
      journal        = "Nucl.Phys.",
      volume         = "A854",
      pages          = "187-197",
      doi            = "10.1016/j.nuclphysa.2010.08.015",
      year           = "2011",
      eprint         = "1007.4513",
      archivePrefix  = "arXiv",
      primaryClass   = "hep-ph",
}


@article{Kopeliovich:2010aa,
      author         = "Kopeliovich, B.Z. and Potashnikova, I.K. and Schmidt,
                        Ivan",
      title          = "{Measuring the saturation scale in nuclei}",
      journal        = "Phys.Rev.",
      volume         = "C81",
      pages          = "035204",
      doi            = "10.1103/PhysRevC.81.035204",
      year           = "2010",
      eprint         = "1001.4281",
      archivePrefix  = "arXiv",
      primaryClass   = "hep-ph",
}


@article{Majumder:2007hx,
      author         = "Majumder, A. and Muller, Berndt",
      title          = "{Higher twist jet broadening and classical propagation}",
      journal        = "Phys.Rev.",
      volume         = "C77",
      pages          = "054903",
      doi            = "10.1103/PhysRevC.77.054903",
      year           = "2008",
      eprint         = "0705.1147",
      archivePrefix  = "arXiv",
      primaryClass   = "nucl-th",
}


@article{Muller:2010pm,
      author         = "Muller, Berndt",
      title          = "{Parton Energy Loss in Strongly Coupled AdS/CFT}",
      journal        = "Nucl.Phys.",
      volume         = "A855",
      pages          = "74-82",
      doi            = "10.1016/j.nuclphysa.2011.02.022",
      year           = "2011",
      eprint         = "1010.4258",
      archivePrefix  = "arXiv",
      primaryClass   = "hep-ph",
}


@article{Pirner:2003bq,
      author         = "Pirner, H.J.",
      title          = "{Particle production and propagation in nuclei}",
      journal        = "Acta Phys.Polon.",
      volume         = "B35",
      pages          = "131-138",
      year           = "2004",
      eprint         = "hep-ph/0311279",
      archivePrefix  = "arXiv",
      primaryClass   = "hep-ph",
}

@article{DeJager:1987qc,
      author         = "De Vries, H. and De Jager, C.W. and De Vries, C.",
      title          = "{Nuclear charge and magnetization density distribution
                        parameters from elastic electron scattering}",
      journal        = "Atom.Data Nucl.Data Tabl.",
      volume         = "36",
      pages          = "495-536",
      year           = "1987",
}

@article{Salgado:2002cd,
      author         = "Salgado, Carlos A. and Wiedemann, Urs Achim",
      title          = "{A Dynamical scaling law for jet tomography}",
      journal        = "Phys.Rev.Lett.",
      volume         = "89",
      pages          = "092303",
      doi            = "10.1103/PhysRevLett.89.092303",
      year           = "2002",
      eprint         = "hep-ph/0204221",
      archivePrefix  = "arXiv",
      primaryClass   = "hep-ph",
}


@article{Salgado:2003gb,
      author         = "Salgado, Carlos A. and Wiedemann, Urs Achim",
      title          = "{Calculating quenching weights}",
      journal        = "Phys.Rev.",
      volume         = "D68",
      pages          = "014008",
      doi            = "10.1103/PhysRevD.68.014008",
      year           = "2003",
      eprint         = "hep-ph/0302184",
      archivePrefix  = "arXiv",
      primaryClass   = "hep-ph",
}

@article{Song:2010zza,
      author         = "Song, Li-Hua and Duan, Chun-Gui",
      title          = "{Quark energy loss in semi-inclusive deep inelastic
                        scattering of leptons on nuclei}",
      journal        = "Phys.Rev.",
      volume         = "C81",
      pages          = "035207",
      doi            = "10.1103/PhysRevC.81.035207",
      year           = "2010",
}


@article{Verweij:2010ec,
      author         = "Verweij, Marta",
      title          = "{Comparison of radiative energy loss models in a hot QCD
                        medium}",
      journal        = "Nucl.Phys.",
      volume         = "A855",
      pages          = "359-362",
      doi            = "10.1016/j.nuclphysa.2011.02.079",
      year           = "2011",
      eprint         = "1012.0728",
      archivePrefix  = "arXiv",
      primaryClass   = "nucl-th",
}


@article{Gyulassy:2002yv,
      author         = "Gyulassy, M. and Levai, P. and Vitev, I.",
      title          = "{Reaction operator approach to multiple elastic
                        scatterings}",
      journal        = "Phys.Rev.",
      volume         = "D66",
      pages          = "014005",
      doi            = "10.1103/PhysRevD.66.014005",
      year           = "2002",
      eprint         = "nucl-th/0201078",
      archivePrefix  = "arXiv",
      primaryClass   = "nucl-th",
}

@article{Gyulassy:2000fs,
      author         = "Gyulassy, M. and Levai, P. and Vitev, I.",
      title          = "{NonAbelian energy loss at finite opacity}",
      journal        = "Phys.Rev.Lett.",
      volume         = "85",
      pages          = "5535-5538",
      doi            = "10.1103/PhysRevLett.85.5535",
      year           = "2000",
      eprint         = "nucl-th/0005032",
      archivePrefix  = "arXiv",
      primaryClass   = "nucl-th",
}


@article{Vitev:2007ve,
      author         = "Vitev, Ivan",
      title          = "{Non-Abelian energy loss in cold nuclear matter}",
      journal        = "Phys.Rev.",
      volume         = "C75",
      pages          = "064906",
      doi            = "10.1103/PhysRevC.75.064906",
      year           = "2007",
      eprint         = "hep-ph/0703002",
      archivePrefix  = "arXiv",
      primaryClass   = "hep-ph",
}


@article{Vitev:2009rd,
      author         = "Vitev, Ivan and Zhang, Ben-Wei",
      title          = "{Jet tomography of high-energy nucleus-nucleus collisions
                        at next-to-leading order}",
      journal        = "Phys.Rev.Lett.",
      volume         = "104",
      pages          = "132001",
      doi            = "10.1103/PhysRevLett.104.132001",
      year           = "2010",
      eprint         = "0910.1090",
      archivePrefix  = "arXiv",
      primaryClass   = "hep-ph",
}


@article{Wang:2002ri,
      author         = "Wang, Enke and Wang, Xin-Nian",
      title          = "{Jet tomography of dense and nuclear matter}",
      journal        = "Phys.Rev.Lett.",
      volume         = "89",
      pages          = "162301",
      doi            = "10.1103/PhysRevLett.89.162301",
      year           = "2002",
      eprint         = "hep-ph/0202105",
      archivePrefix  = "arXiv",
      primaryClass   = "hep-ph",
}



@article{Guo:2006kz,
      author         = "Guo, Yun and Zhang, Ben-Wei and Wang, Enke",
      title          = "{Parton Energy Loss at Twist-Six in Deeply Inelastic e-A
                        Scattering}",
      journal        = "Phys.Lett.",
      volume         = "B641",
      pages          = "38-44",
      doi            = "10.1016/j.physletb.2006.08.034",
      year           = "2006",
      eprint         = "hep-ph/0606312",
      archivePrefix  = "arXiv",
      primaryClass   = "hep-ph",
}


@article{Wang:2009qb,
      author         = "Deng, Wei-Tian and Wang, Xin-Nian",
      title          = "{Multiple Parton Scattering in Nuclei: Modified DGLAP
                        Evolution for Fragmentation Functions}",
      journal        = "Phys.Rev.",
      volume         = "C81",
      pages          = "024902",
      doi            = "10.1103/PhysRevC.81.024902",
      year           = "2010",
      eprint         = "0910.3403",
      archivePrefix  = "arXiv",
      primaryClass   = "hep-ph",
}


@article{Borghini:2005em,
      author         = "Borghini, Nicolas and Wiedemann, Urs Achim",
      title          = "{Distorting the hump-backed plateau of jets with dense
                        QCD matter}",
      year           = "2005",
      eprint         = "hep-ph/0506218",
      archivePrefix  = "arXiv",
      primaryClass   = "hep-ph",
}


@article{Zakharov:1996fv,
      author         = "Zakharov, B.G.",
      title          = "{Fully quantum treatment of the Landau-Pomeranchuk-Migdal
                        effect in QED and QCD}",
      journal        = "JETP Lett.",
      volume         = "63",
      pages          = "952-957",
      doi            = "10.1134/1.567126",
      year           = "1996",
      eprint         = "hep-ph/9607440",
      archivePrefix  = "arXiv",
      primaryClass   = "hep-ph",
}


@article{Zakharov:1997uu,
      author         = "Zakharov, B.G.",
      title          = "{Radiative energy loss of high-energy quarks in finite
                        size nuclear matter and quark - gluon plasma}",
      journal        = "JETP Lett.",
      volume         = "65",
      pages          = "615-620",
      doi            = "10.1134/1.567389",
      year           = "1997",
      eprint         = "hep-ph/9704255",
      archivePrefix  = "arXiv",
      primaryClass   = "hep-ph",
}


@article{Zakharov:1999zk,
      author         = "Zakharov, B.G.",
      title          = "{Transverse spectra of radiation processes in-medium}",
      journal        = "JETP Lett.",
      volume         = "70",
      pages          = "176-182",
      doi            = "10.1134/1.568149",
      year           = "1999",
      eprint         = "hep-ph/9906536",
      archivePrefix  = "arXiv",
      primaryClass   = "hep-ph",
}


@article{Zapp:2011ya,
      author         = "Zapp, Korinna Christine and Stachel, Johanna and
                        Wiedemann, Urs Achim",
      title          = "{A local Monte Carlo framework for coherent QCD parton
                        energy loss}",
      year           = "2011",
      eprint         = "1103.6252",
      archivePrefix  = "arXiv",
      primaryClass   = "hep-ph",
}


@article{Zapp:2010sp,
      author         = "Zapp, Korinna Christine",
      title          = "{Monte Carlo simulations of jet quenching in heavy ion
                        collisions}",
      journal        = "Nucl.Phys.",
      volume         = "A855",
      pages          = "60-66",
      doi            = "10.1016/j.nuclphysa.2011.02.019",
      year           = "2011",
      eprint         = "1012.0177",
      archivePrefix  = "arXiv",
      primaryClass   = "hep-ph",
}


@Article{Mulders:2000jt,
     author    = "Mulders, P. J.",
     title     = "{Current fragmentation in semi-inclusive leptoproduction}",
     journal   = "AIP Conf. Proc.",
     volume    = "588",
     year      = "2001",
     pages     = "75-88",
     eprint    = "hep-ph/0010199",
     archivePrefix = "arXiv",
     doi       = "10.1063/1.1413147",
     SLACcitation  = "%%CITATION = HEP-PH/0010199;%%"
}


@article{Arvidson:1984fz,
      author         = "Arvidson, A. and others",
      title          = "{Hadron production in 200 GeV $\mu$-copper and 
                         $\mu$-carbon deep inelastic interactions}",
      collaboration  = "European Muon Collaboration",
      journal        = "Nucl.Phys.",
      volume         = "B246",
      pages          = "381",
      doi            = "10.1016/0550-3213(84)90045-2",
      year           = "1984",
}


@article{Ashman:1991cx,
      author         = "Ashman, J. and others",
      title          = "{Comparison of forward hadrons produced in muon
                        interactions on nuclear targets and deuterium}",
      collaboration  = "European Muon Collaboration",
      journal        = "Z.Phys.",
      volume         = "C52",
      pages          = "1-12",
      doi            = "10.1007/BF01412322",
      year           = "1991",
}


@article{Hand:1978tx,
      author         = "Hand, L. and Petersen, D. and Scott, H. and Gottfried, K.
                        and Atac, M. and others",
      title          = "{Intranuclear cascading in deep inelastic scattering of
                        150-GeV muons in emulsion}",
      journal        = "Z.Phys.",
      volume         = "C1",
      pages          = "139-142",
      doi            = "10.1007/BF01445405",
      year           = "1979",
}


@article{Adams:1994ri,
      author         = "Adams, M.R. and others",
      title          = "{Nuclear shadowing, diffractive scattering and low
                        momentum protons in $\mu Xe$ interactions at 490-GeV}",
      collaboration  = "E665 Collaboration",
      journal        = "Z.Phys.",
      volume         = "C65",
      pages          = "225-244",
      doi            = "10.1007/BF01571879",
      year           = "1995",
}


@article{Hafidi:2006ig,
      author         = "Hafidi, Kawtar",
      title          = "{Dynamics Of Hadronization From Nuclear Semi Inclusive
                        Deep Inelastic Scattering}",
      collaboration  = "CLAS Collaboration",
      journal        = "AIP Conf.Proc.",
      volume         = "870",
      pages          = "669-672",
      doi            = "10.1063/1.2402726",
      year           = "2006",
      eprint         = "nucl-ex/0609005",
      archivePrefix  = "arXiv",
      primaryClass   = "nucl-ex",
}


@article{Airapetian:2000ks,
      author         = "Airapetian, A. and others",
      title          = "{Hadron formation in deep inelastic positron scattering
                        in a nuclear environment}",
      collaboration  = "HERMES Collaboration",
      journal        = "Eur.Phys.J.",
      volume         = "C20",
      pages          = "479-486",
      doi            = "10.1007/s100520100697",
      year           = "2001",
      eprint         = "hep-ex/0012049",
      archivePrefix  = "arXiv",
      primaryClass   = "hep-ex",
}


@article{Airapetian:2003mi,
      author         = "Airapetian, A. and others",
      title          = "{Quark fragmentation to $\pi^\pm$, $\pi^0$, $K^\pm$, $p$ and anti-$p$ in
                        the nuclear environment}",
      collaboration  = "HERMES Collaboration",
      journal        = "Phys.Lett.",
      volume         = "B577",
      pages          = "37-46",
      doi            = "10.1016/j.physletb.2003.10.026",
      year           = "2003",
      eprint         = "hep-ex/0307023",
      archivePrefix  = "arXiv",
      primaryClass   = "hep-ex",
}


@article{Airapetian:2005yh,
      author         = "Airapetian, A. and others",
      title          = "{Double hadron leptoproduction in the nuclear medium}",
      collaboration  = "HERMES Collaboration",
      journal        = "Phys.Rev.Lett.",
      volume         = "96",
      pages          = "162301",
      doi            = "10.1103/PhysRevLett.96.162301",
      year           = "2006",
      eprint         = "hep-ex/0510030",
      archivePrefix  = "arXiv",
      primaryClass   = "hep-ex",
}


@article{Airapetian:2007vu,
      author         = "Airapetian, A. and others",
      title          = "{Hadronization in semi-inclusive deep-inelastic
                        scattering on nuclei}",
      collaboration  = "HERMES Collaboration",
      journal        = "Nucl.Phys.",
      volume         = "B780",
      pages          = "1-27",
      doi            = "10.1016/j.nuclphysb.2007.06.004",
      year           = "2007",
      eprint         = "0704.3270",
      archivePrefix  = "arXiv",
      primaryClass   = "hep-ex",
}


@article{Airapetian:2009jy,
      author         = "Airapetian, A. and others",
      title          = "{Transverse momentum broadening of hadrons produced in
                        semi-inclusive deep-inelastic scattering on nuclei}",
      collaboration  = "HERMES Collaboration",
      journal        = "Phys.Lett.",
      volume         = "B684",
      pages          = "114-118",
      doi            = "10.1016/j.physletb.2010.01.020",
      year           = "2010",
      eprint         = "0906.2478",
      archivePrefix  = "arXiv",
      primaryClass   = "hep-ex",
}

@article{Airapetian:2011jp,
      author         = "Airapetian, A. and others",
      title          = "{Multidimensional Study of Hadronization in Nuclei}",
      collaboration  = "HERMES Collaboration",
      journal        = "Eur.Phys.J.",
      volume         = "A47",
      pages          = "113",
      doi            = "10.1140/epja/i2011-11113-5",
      year           = "2011",
      eprint         = "1107.3496",
      archivePrefix  = "arXiv",
      primaryClass   = "hep-ex",
}

@article{Asaturyan:2011mq,
      author         = "Asaturyan, R. and others",
      title          = "{Semi-Inclusive Charged-Pion Electroproduction off
                        Protons and Deuterons: Cross Sections, Ratios and Access
                        to the Quark-Parton Model at Low Energies}",
      journal        = "Phys. Rev.",
      volume         = "C85",
      year           = "2012",
      pages          = "015202",
      doi            = "10.1103/PhysRevC.85.015202",
      eprint         = "1103.1649",
      archivePrefix  = "arXiv",
      primaryClass   = "nucl-ex",
      reportNumber   = "JLAB-PHY-11-1381",
      SLACcitation   = "%%CITATION = ARXIV:1103.1649;%%"
}

@article{Nuruzzaman:2011dr,
      author         = "Nuruzzaman and others",
      title          = "{Nuclear transparency and effective kaon-nucleon cross
                        section from the A(e, e'K+) reaction}",
      journal        = "Phys. Rev.",
      volume         = "C84",
      year           = "2011",
      pages          = "015210",
      doi            = "10.1103/PhysRevC.84.015210",
      eprint         = "1103.4120",
      archivePrefix  = "arXiv",
      primaryClass   = "nucl-ex",
      reportNumber   = "INT-PUB-11-013, JLAB-PHY-11-1356",
      SLACcitation   = "%%CITATION = ARXIV:1103.4120;%%"
}

@article{Osborne:1978ai,
      author         = "Osborne, L.S. and Bolon, C. and Lanza, R.L. and Luckey,
                        D. and Roth, D.G. and others",
      title          = "{Electroproduction of hadrons from nuclei}",
      journal        = "Phys.Rev.Lett.",
      volume         = "40",
      pages          = "1624",
      doi            = "10.1103/PhysRevLett.40.1624",
      year           = "1978",
}

@article{Hwa:2002pz,
      author         = "Hwa, Rudolph C. and Yang, C.B.",
      title          = "{Strangeness enhancement in the parton model}",
      journal        = "Phys.Rev.",
      volume         = "C66",
      pages          = "064903",
      doi            = "10.1103/PhysRevC.66.064903",
      year           = "2002",
      eprint         = "nucl-th/0206005",
      archivePrefix  = "arXiv",
      primaryClass   = "nucl-th",
}


@article{Accardi:2002tv,
      author         = "Accardi, Alberto and Muccifora, Valeria and Pirner,
                        Hans-Juergen",
      title          = "{Hadron production in deep inelastic lepton nucleus
                        scattering}",
      journal        = "Nucl.Phys.",
      volume         = "A720",
      pages          = "131-156",
      doi            = "10.1016/S0375-9474(03)00670-5",
      year           = "2003",
      eprint         = "nucl-th/0211011",
      archivePrefix  = "arXiv",
      primaryClass   = "nucl-th",
}


@article{Accardi:2005hk,
      author         = "Accardi, A. and Grunewald, D. and Muccifora, V. and
                        Pirner, H.J.",
      title          = "{Erratum: Atomic mass dependence of hadron production in
                        deep inelastic scattering on nuclei}",
      year           = "2005",
      eprint         = "hep-ph/0508036",
      archivePrefix  = "arXiv",
      primaryClass   = "hep-ph",
}


@article{Accardi:2007in,
      author         = "Accardi, Alberto",
      title          = "{Final state interactions and hadron quenching in cold
                        nuclear matter}",
      journal        = "Phys.Rev.",
      volume         = "C76",
      pages          = "034902",
      doi            = "10.1103/PhysRevC.76.034902",
      year           = "2007",
      eprint         = "0706.3227",
      archivePrefix  = "arXiv",
      primaryClass   = "nucl-th",
}

@article{Johnson:2000ph,
      author         = "Johnson, M.B. and others",
      title          = "{Energy loss of fast quarks in nuclei}",
      collaboration  = "FNAL E772 Collaboration",
      journal        = "Phys.Rev.Lett.",
      volume         = "86",
      pages          = "4483-4487",
      doi            = "10.1103/PhysRevLett.86.4483",
      year           = "2001",
      eprint         = "hep-ex/0010051",
      archivePrefix  = "arXiv",
      primaryClass   = "hep-ex",
}



@article{Bialas:1986cf,
      author         = "Bialas, A. and Gyulassy, M.",
      title          = "{Lund model and an outside - inside aspect of the inside
                        - outside cascade}",
      journal        = "Nucl.Phys.",
      volume         = "B291",
      pages          = "793",
      doi            = "10.1016/0550-3213(87)90496-2",
      year           = "1987",
}

@article{Bialas:1983kn,
      author         = "Bialas, A. and Chmaj, T.",
      title          = "{Leptoproduction of hadrons from nuclear targets and
                        fragmentation of quarks into hadrons}",
      journal        = "Phys.Lett.",
      volume         = "B133",
      pages          = "241",
      doi            = "10.1016/0370-2693(83)90569-5",
      year           = "1983",
}


@article{Falter:2004uc,
      author         = "Falter, T. and Cassing, W. and Gallmeister, K. and Mosel,
                        U.",
      title          = "{Hadron attenuation in deep inelastic lepton-nucleus
                        scattering}",
      journal        = "Phys.Rev.",
      volume         = "C70",
      pages          = "054609",
      doi            = "10.1103/PhysRevC.70.054609",
      year           = "2004",
      eprint         = "nucl-th/0406023",
      archivePrefix  = "arXiv",
      primaryClass   = "nucl-th",
}


@article{Falter:2003di,
      author         = "Falter, T. and Cassing, W. and Gallmeister, K. and Mosel,
                        U.",
      title          = "{Hadron formation and attenuation in deep inelastic
                        lepton scattering off nuclei}",
      journal        = "Phys.Lett.",
      volume         = "B594",
      pages          = "61-68",
      doi            = "10.1016/j.physletb.2004.04.089",
      year           = "2004",
      eprint         = "nucl-th/0303011",
      archivePrefix  = "arXiv",
      primaryClass   = "nucl-th",
}


@article{Gallmeister:2007an,
      author         = "Gallmeister, K. and Mosel, U.",
      title          = "{Time Dependent Hadronization via HERMES and EMC Data
                        Consistency}",
      journal        = "Nucl.Phys.",
      volume         = "A801",
      pages          = "68-79",
      doi            = "10.1016/j.nuclphysa.2007.12.009",
      year           = "2008",
      eprint         = "nucl-th/0701064",
      archivePrefix  = "arXiv",
      primaryClass   = "nucl-th",
}


@article{Akopov:2010pf,
      author         = "Akopov, N. and Grigoryan, L. and Akopov, Z.",
      title          = "{Study of the hadronization process in cold nuclear
                        medium}",
      journal        = "Eur.Phys.J.",
      volume         = "C70",
      pages          = "5-14",
      doi            = "10.1140/epjc/s10052-010-1451-y",
      year           = "2010",
      eprint         = "1003.3945",
      archivePrefix  = "arXiv",
      primaryClass   = "hep-ph",
}


@article{Grigoryan:2011pr,
      author         = "Grigoryan, L.",
      title          = "{Nuclear attenuation of high energy multi-hadron systems
                        in the string model}",
      year           = "2011",
      eprint         = "1103.4519",
      archivePrefix  = "arXiv",
      primaryClass   = "hep-ph",
}


@article{Arleo:2008dn,
      author         = "Arleo, Francois",
      title          = "{(Medium-modified) Fragmentation Functions}",
      journal        = "Eur.Phys.J.",
      volume         = "C61",
      pages          = "603-627",
      doi            = "10.1140/epjc/s10052-009-0871-z",
      year           = "2009",
      eprint         = "0810.1193",
      archivePrefix  = "arXiv",
      primaryClass   = "hep-ph",
}


@article{Armesto:2007dt,
      author         = "Armesto, Nestor and Cunqueiro, Leticia and Salgado,
                        Carlos A. and Xiang, Wen-Chang",
      title          = "{Medium-evolved fragmentation functions}",
      journal        = "JHEP",
      volume         = "0802",
      pages          = "048",
      doi            = "10.1088/1126-6708/2008/02/048",
      year           = "2008",
      eprint         = "0710.3073",
      archivePrefix  = "arXiv",
      primaryClass   = "hep-ph",
}


@article{Casher:1978wy,
      author         = "Casher, A. and Neuberger, H. and Nussinov, S.",
      title          = "{Chromoelectric Flux Tube Model of Particle Production}",
      journal        = "Phys.Rev.",
      volume         = "D20",
      pages          = "179-188",
      doi            = "10.1103/PhysRevD.20.179",
      year           = "1979",
}


@article{Czyzewski:1990wb,
      author         = "Czyzewski, J.",
      title          = "{Nuclear attenuation of a two hadron system and the
                        string model}",
      year           = "1990",
}


@article{Czyzewski:1990pg,
      author         = "Czyzewski, J.",
      title          = "{Formation time of multiparticle systems in the string
                        model}",
      journal        = "Phys.Rev.",
      volume         = "C43",
      pages          = "2426-2431",
      doi            = "10.1103/PhysRevC.43.2426",
      year           = "1991",
}

@article{Mardor:1998zf,
      author         = "Mardor, I. and Durrant, S. and Aclander, J. and Alster,
                        J. and Barton, D. and others",
      title          = "{Nuclear transparency in large momentum transfer
                        quasielastic scattering}",
      journal        = "Phys.Rev.Lett.",
      volume         = "81",
      pages          = "5085-5088",
      doi            = "10.1103/PhysRevLett.81.5085",
      year           = "1998",
}


@article{Deng:2010xv,
      author         = "Deng, Wei-Tian and Chang, Ning-Bo and Wang, Xin-Nian",
      title          = "{Modified DGLAP Evolution for Fragmentation Functions in
                        Nuclei and QGP}",
      journal        = "Nucl.Phys.",
      volume         = "A855",
      pages          = "416-419",
      doi            = "10.1016/j.nuclphysa.2011.02.094",
      year           = "2011",
      eprint         = "1012.1514",
      archivePrefix  = "arXiv",
      primaryClass   = "nucl-th",
}

@article{Kopeliovich:2007mm,
      author         = "Kopeliovich, B.Z. and Nemchik, J. and Schmidt, Ivan",
      title          = "{Color transparency in electroproduction of the 
                         $\rho$ meson at low energies}",
      journal        = "Phys.Rev.",
      volume         = "C76",
      pages          = "015205",
      doi            = "10.1103/PhysRevC.76.015205",
      year           = "2007",
      eprint         = "hep-ph/0702272",
      archivePrefix  = "arXiv",
      primaryClass   = "HEP-PH",
}

@Article{Kaskulov:2008ej,
     author    = "Kaskulov, Murat M. and Gallmeister, Kai and Mosel, Ulrich",
     title     = "{Pionic transparency in semi-exclusive electroproduction
                  off nuclei}",
     journal   = "Phys. Rev.",
     volume    = "C79",
     year      = "2009",
     pages     = "015207",
     eprint    = "0808.2564",
     archivePrefix = "arXiv",
     primaryClass  =  "nucl-th",
     doi       = "10.1103/PhysRevC.79.015207",
     SLACcitation  = "%%CITATION = 0808.2564;%%"
}


@article{Gyulassy:1990dk,
      author         = "Gyulassy, M. and Plumer, M.",
      title          = "{Jet quenching in lepton nucleus scattering}",
      journal        = "Nucl.Phys.",
      volume         = "B346",
      pages          = "1-16",
      doi            = "10.1016/0550-3213(90)90235-6",
      year           = "1990",
}


@article{Majumder:2004pt,
      author         = "Majumder, A. and Wang, Enke and Wang, Xin-Nian",
      title          = "{Modified dihadron fragmentation functions in hot and
                        nuclear matter}",
      journal        = "Phys.Rev.Lett.",
      volume         = "99",
      pages          = "152301",
      doi            = "10.1103/PhysRevLett.99.152301",
      year           = "2007",
      eprint         = "nucl-th/0412061",
      archivePrefix  = "arXiv",
      primaryClass   = "nucl-th",
}


@article{Sassot:2009sh,
      author         = "Sassot, Rodolfo and Stratmann, Marco and Zurita, Pia",
      title          = "{Fragmentations Functions in Nuclear Media}",
      journal        = "Phys.Rev.",
      volume         = "D81",
      pages          = "054001",
      doi            = "10.1103/PhysRevD.81.054001",
      year           = "2010",
      eprint         = "0912.1311",
      archivePrefix  = "arXiv",
      primaryClass   = "hep-ph",
}


@article{Anselmino:2011ss,
      author         = "Anselmino, Mauro and Barone, Vincenzo and Kotzinian,
                        Aram",
      title          = "{SIDIS in the target fragmentation region: Polarized and
                        transverse momentum dependent fracture functions}",
      year           = "2011",
      eprint         = "1102.4214",
      archivePrefix  = "arXiv",
      primaryClass   = "hep-ph",
}

@article{CiofidegliAtti:1995qe,
      author         = "Ciofi degli Atti, Claudio and Simula, S.",
      title          = "{Realistic model of the nucleon spectral function in few
                        and many nucleon systems}",
      journal        = "Phys.Rev.",
      volume         = "C53",
      pages          = "1689",
      doi            = "10.1103/PhysRevC.53.1689",
      year           = "1996",
      eprint         = "nucl-th/9507024",
      archivePrefix  = "arXiv",
      primaryClass   = "nucl-th",
}

@article{CiofidegliAtti:2004pv,
      author         = "Ciofi degli Atti, C. and Kopeliovich, B.Z.",
      title          = "{Time evolution of hadronization and grey tracks in DIS
                        off nuclei}",
      journal        = "Phys.Lett.",
      volume         = "B606",
      pages          = "281-287",
      doi            = "10.1016/j.physletb.2004.12.021",
      year           = "2005",
      eprint         = "hep-ph/0409077",
      archivePrefix  = "arXiv",
      primaryClass   = "hep-ph",
}


@article{Palli:2009it,
      author         = "Palli, V. and Ciofi degli Atti, C. and Kaptari, L.P. and
                        Mezzetti, C.B. and Alvioli, M.",
      title          = "{Slow Proton Production in Semi-Inclusive Deep Inelastic
                        Scattering off Deuteron and Complex Nuclei: Hadronization
                        and Final State Interaction Effects}",
      journal        = "Phys.Rev.",
      volume         = "C80",
      pages          = "054610",
      doi            = "10.1103/PhysRevC.80.054610",
      year           = "2009",
      eprint         = "0911.1377",
      archivePrefix  = "arXiv",
      primaryClass   = "nucl-th",
}

@article{Fries:2003kq,
      author         = "Fries, R.J. and Muller, Berndt and Nonaka, C. and Bass,
                        S.A.",
      title          = "{Hadron production in heavy ion collisions: Fragmentation
                        and recombination from a dense parton phase}",
      journal        = "Phys.Rev.",
      volume         = "C68",
      pages          = "044902",
      doi            = "10.1103/PhysRevC.68.044902",
      year           = "2003",
      eprint         = "nucl-th/0306027",
      archivePrefix  = "arXiv",
      primaryClass   = "nucl-th",
}

@article{Hwa:2004zd,
      author         = "Hwa, Rudolph C. and Yang, C.B.",
      title          = "{Final state interaction as the origin of the Cronin
                        effect}",
      journal        = "Phys.Rev.Lett.",
      volume         = "93",
      pages          = "082302",
      doi            = "10.1103/PhysRevLett.93.082302",
      year           = "2004",
      eprint         = "nucl-th/0403001",
      archivePrefix  = "arXiv",
      primaryClass   = "nucl-th",
}

@Article{Hwa:2010xb,
     author    = "Hwa, Rudy",
     title     = "{Recombination in nuclear collisions}",
     journal   = "PoS",
     volume    = "CERP2010",
     year      = "2010",
     pages     = "004",
     eprint    = "1009.0506",
     archivePrefix = "arXiv",
     primaryClass  =  "nucl-th",
     SLACcitation  = "%%CITATION = 1009.0506;%%"
}

@article{Kopeliovich:2007yv,
      author         = "Kopeliovich, B.Z. and Pirner, H.-J. and Potashnikova,
                        I.K. and Schmidt, Ivan",
      title          = "{Jet lag effect and leading hadron production}",
      journal        = "Phys.Lett.",
      volume         = "B662",
      pages          = "117-122",
      doi            = "10.1016/j.physletb.2008.02.061,
                        10.1016/j.physletb.2008.02.061",
      year           = "2008",
      eprint         = "0706.3059",
      archivePrefix  = "arXiv",
      primaryClass   = "hep-ph",
}


@article{Kopeliovich:2007fv,
      author         = "Kopeliovich, B.Z. and Pirner, H.J. and Rezaeian, A.H. and
                        Schmidt, Ivan",
      title          = "{Azimuthal anisotropy of direct photons}",
      journal        = "Phys.Rev.",
      volume         = "D77",
      pages          = "034011",
      doi            = "10.1103/PhysRevD.77.034011",
      year           = "2008",
      eprint         = "0711.3010",
      archivePrefix  = "arXiv",
      primaryClass   = "hep-ph",
}


@article{Pirner:2006ui,
      author         = "Pirner, H.J. and Grunewald, D.",
      title          = "{Higher Twist Effects in Deep Inelastic Scattering on
                        Nuclei}",
      journal        = "Nucl.Phys.",
      volume         = "A782",
      pages          = "158-165",
      doi            = "10.1016/j.nuclphysa.2006.10.053",
      year           = "2007",
      eprint         = "hep-ph/0608033",
      archivePrefix  = "arXiv",
      primaryClass   = "hep-ph",
}


@article{Farrar:1988me,
      author         = "Farrar, G.R. and Liu, H. and Frankfurt, L.L. and
                        Strikman, M.I.",
      title          = "{Transparency in Nuclear Quasiexclusive Processes with
                        Large Momentum Transfer}",
      journal        = "Phys.Rev.Lett.",
      volume         = "61",
      pages          = "686-689",
      doi            = "10.1103/PhysRevLett.61.686",
      year           = "1988",
}

